<?xml version="1.0" encoding="UTF-8"?><collection xmlns="http://www.loc.gov/MARC21/slim"><record><leader>00605nam--2200205-i-4500</leader><controlfield tag="001">000047517</controlfield><controlfield tag="002">20161230</controlfield><controlfield tag="005">20170206183819</controlfield><controlfield tag="008">060222s1000------------r-----000-0-eng-d</controlfield><datafield ind1=" " ind2=" " tag="020"><subfield code="a">0127521100</subfield></datafield><datafield ind1=" " ind2=" " tag="040"><subfield code="a">IFIN-HH</subfield></datafield><datafield ind1=" " ind2=" " tag="080"><subfield code="a">537.311.33</subfield></datafield><datafield ind1="1" ind2=" " tag="100"><subfield code="a">Willardson, R. K</subfield></datafield><datafield ind1="1" ind2="0" tag="245"><subfield code="a">Semiconductors and semimetals</subfield><subfield code="b">Volume 10: Transport phenomena</subfield><subfield code="c">R.K. Willardson, Albert C. Beer (eds.)</subfield></datafield><datafield ind1=" " ind2=" " tag="260"><subfield code="a">New York</subfield><subfield code="b">Academic Press</subfield><subfield code="c">1975</subfield></datafield><datafield ind1=" " ind2=" " tag="300"><subfield code="a">XIII+312 p</subfield></datafield><datafield ind1=" " ind2=" " tag="490"><subfield code="a">Semiconductors And Semimetals</subfield></datafield><datafield ind1="1" ind2=" " tag="700"><subfield code="a">Beer, Albert C</subfield><subfield code="e">Ed</subfield></datafield><datafield ind1=" " ind2=" " tag="852"><subfield code="a">24823</subfield><subfield code="c">537.311.33</subfield></datafield><datafield ind1=" " ind2=" " tag="CAT"><subfield code="a">SYS</subfield><subfield code="c">20170206</subfield><subfield code="h">183819</subfield></datafield></record></collection>